<?xml version="1.0"?>
<record xmlns="http://www.loc.gov/MARC21/slim">
  <leader>02011cjm a2200481Ii 4500</leader>
  <controlfield tag="001">a11355050</controlfield>
  <controlfield tag="003">SIRSI</controlfield>
  <controlfield tag="005">20150921003001.0</controlfield>
  <controlfield tag="007">sq zmnznnmznnb</controlfield>
  <controlfield tag="008">150731r19uu1915txusnnn           n zxx d</controlfield>
  <datafield ind1="0" ind2="2" tag="028">
    <subfield code="a">3056</subfield>
    <subfield code="b">Welte-Mignon</subfield>
  </datafield>
  <datafield ind1=" " ind2=" " tag="040">
    <subfield code="a">STF</subfield>
    <subfield code="b">eng</subfield>
    <subfield code="e">rda</subfield>
    <subfield code="c">STF</subfield>
    <subfield code="d">UtOrBLW</subfield>
  </datafield>
  <datafield ind1=" " ind2=" " tag="049">
    <subfield code="a">STFA</subfield>
  </datafield>
  <datafield ind1="1" ind2=" " tag="100">
    <subfield code="a">Korngold, Erich Wolfgang,</subfield>
    <subfield code="d">1897-1957,</subfield>
    <subfield code="e">composer.</subfield>
    <subfield code=" ">^A1568172</subfield>
  </datafield>
  <datafield ind1="1" ind2="0" tag="240">
    <subfield code="a">Sonatas,</subfield>
    <subfield code="m">piano,</subfield>
    <subfield code="n">no. 2, op. 2,</subfield>
    <subfield code="r">E major</subfield>
    <subfield code=" ">^A1568172</subfield>
  </datafield>
  <datafield ind1="1" ind2="0" tag="245">
    <subfield code="a">Sonata op. 2.</subfield>
    <subfield code="p">3rd &amp; 4th mvt /</subfield>
    <subfield code="c">E. Korngold.</subfield>
  </datafield>
  <datafield ind1=" " ind2="1" tag="264">
    <subfield code="a">Austin, Texas :</subfield>
    <subfield code="b">Gryphon Company,</subfield>
    <subfield code="c">[between 1989 and 1992]</subfield>
  </datafield>
  <datafield ind1=" " ind2=" " tag="300">
    <subfield code="a">1 audio roll ;</subfield>
    <subfield code="c">12 1/4 in. x 2 3/4 in.</subfield>
  </datafield>
  <datafield ind1=" " ind2=" " tag="336">
    <subfield code="a">performed music</subfield>
    <subfield code="2">rdacontent</subfield>
  </datafield>
  <datafield ind1=" " ind2=" " tag="337">
    <subfield code="a">audio</subfield>
    <subfield code="2">rdamedia</subfield>
  </datafield>
  <datafield ind1=" " ind2=" " tag="338">
    <subfield code="a">audio roll</subfield>
    <subfield code="2">rdacarrier</subfield>
  </datafield>
  <datafield ind1=" " ind2=" " tag="344">
    <subfield code="a">analog</subfield>
    <subfield code="b">mechanical</subfield>
  </datafield>
  <datafield ind1="0" ind2="1" tag="382">
    <subfield code="a">piano</subfield>
    <subfield code="n">1</subfield>
    <subfield code="s">1</subfield>
    <subfield code="2">lcmpt</subfield>
  </datafield>
  <datafield ind1=" " ind2=" " tag="500">
    <subfield code="a">Title from roll.</subfield>
  </datafield>
  <datafield ind1="0" ind2=" " tag="511">
    <subfield code="a">R. Ganz, piano.</subfield>
  </datafield>
  <datafield ind1=" " ind2=" " tag="500">
    <subfield code="a">Welte-Mignon licensee roll (T-98).</subfield>
  </datafield>
  <datafield ind1=" " ind2=" " tag="500">
    <subfield code="a">Originally released as a Welte-Mignon red roll, number 3056, issued in 1915.</subfield>
  </datafield>
  <datafield ind1=" " ind2="0" tag="650">
    <subfield code="a">Sonatas (Piano)</subfield>
    <subfield code="v">Excerpts.</subfield>
    <subfield code=" ">^A2560607</subfield>
  </datafield>
  <datafield ind1=" " ind2="0" tag="650">
    <subfield code="a">Player piano rolls.</subfield>
    <subfield code=" ">^A1050086</subfield>
  </datafield>
  <datafield ind1=" " ind2="7" tag="655">
    <subfield code="a">Recut piano rolls.</subfield>
    <subfield code="2">local</subfield>
    <subfield code=" ">UNAUTHORIZED</subfield>
  </datafield>
  <datafield ind1=" " ind2="7" tag="655">
    <subfield code="a">Sonatas.</subfield>
    <subfield code="2">lcgft</subfield>
    <subfield code=" ">^A3344899</subfield>
  </datafield>
  <datafield ind1=" " ind2="7" tag="655">
    <subfield code="a">Excerpts.</subfield>
    <subfield code="2">lcgft</subfield>
    <subfield code=" ">^A3344823</subfield>
  </datafield>
  <datafield ind1=" " ind2="7" tag="655">
    <subfield code="a">Reproducing piano rolls.</subfield>
    <subfield code="2">local</subfield>
    <subfield code=" ">UNAUTHORIZED</subfield>
  </datafield>
  <datafield ind1="1" ind2=" " tag="700">
    <subfield code="a">Ganz, Rudolph,</subfield>
    <subfield code="d">1877-1972,</subfield>
    <subfield code="e">instrumentalist.</subfield>
    <subfield code=" ">^A851731</subfield>
  </datafield>
  <datafield ind1="1" ind2="2" tag="700">
    <subfield code="i">Container of (work):</subfield>
    <subfield code="a">Korngold, Erich Wolfgang,</subfield>
    <subfield code="d">1897-1957.</subfield>
    <subfield code="t">Sonatas,</subfield>
    <subfield code="m">piano,</subfield>
    <subfield code="n">no. 2, op. 2,</subfield>
    <subfield code="r">E major.</subfield>
    <subfield code="p">Largo.</subfield>
    <subfield code=" ">^A1568172</subfield>
  </datafield>
  <datafield ind1="1" ind2="2" tag="700">
    <subfield code="i">Container of (work):</subfield>
    <subfield code="a">Korngold, Erich Wolfgang,</subfield>
    <subfield code="d">1897-1957.</subfield>
    <subfield code="t">Sonatas,</subfield>
    <subfield code="m">piano,</subfield>
    <subfield code="n">no. 2, op. 2,</subfield>
    <subfield code="r">E major.</subfield>
    <subfield code="p">Finale.</subfield>
    <subfield code=" ">^A1568172</subfield>
  </datafield>
  <datafield ind1="2" ind2=" " tag="710">
    <subfield code="a">Gryphon Company,</subfield>
    <subfield code="e">publisher.</subfield>
    <subfield code=" ">UNAUTHORIZED</subfield>
  </datafield>
  <datafield ind1=" " ind2=" " tag="916">
    <subfield code="a">DATE CATALOGED</subfield>
    <subfield code="b">20150731</subfield>
  </datafield>
  <datafield ind1=" " ind2=" " tag="994">
    <subfield code="a">C0</subfield>
    <subfield code="b">STF</subfield>
  </datafield>
  <datafield ind1=" " ind2=" " tag="035">
    <subfield code="a">(OCoLC)915208879</subfield>
  </datafield>
  <datafield ind1=" " ind2="4" tag="690">
    <subfield code="a">Denis Condon Collection of Reproducing Pianos and Rolls.</subfield>
  </datafield>
  <datafield ind1=" " ind2=" " tag="596">
    <subfield code="a">31</subfield>
  </datafield>
  <datafield ind1=" " ind2=" " tag="999">
    <subfield code="a">CONDON ROLL 725</subfield>
    <subfield code="w">ALPHANUM</subfield>
    <subfield code="c">1</subfield>
    <subfield code="i">36105225787345</subfield>
    <subfield code="l">PAGE-AS</subfield>
    <subfield code="m">SAL3</subfield>
    <subfield code="r">N</subfield>
    <subfield code="s">Y</subfield>
    <subfield code="t">NH-INHOUSE</subfield>
    <subfield code="u">8/3/2015</subfield>
  </datafield>
</record>
